@article{book1,
	title = {Speech and language processing},
}
@article{article1,
	author = {Krzysztof J. Geras1, Abdel-rahman Mohamed, Rich Caruana, Gregor Urban,
	ShengjieWang, Özlem Aslan, Matthai Philipose, Matthew Richardson, Charles Sutton},
	title = {Blending LSTMS into CNNS},
	year = 2016,
}
@article{small2,
	author = {Freely, I.P.},
	title = {Blending LSTMS into CNNS},
	journal = {The journal of small papers},
	year = 2016,
	volume = {-1},
	note = {to appear},
}
@article{transkrypcja,
    title = {Automatyzacja transkrypcji fonematycznej tekstów polskich},
    author = {Maria Steffen-Batogowa},
    year = 1975,
}
@article{asr_toolkit_cmp,
	title = {Comparing Open-Source Speech Recognition
	Toolkits},
	author = {Christian Gaida, Patrick Lange, Rico Petrick, Patrick Proba, Ahmed Malatawy and David Suendermann-Oeft},
	year = 2014,
}
@article{juliusbook,
	title = {The Julius book},
	author = {Akinobu Lee},
}
@article{htkbook,
	title = {The HTK book},
}
@article{BaumWelch_tutorial,
	title = {A tutorial on hidden Markov models and selected applications in speach recognition.},
	author = {Rabiner L.},
	year = 1989,
	journal = {IEEE},
}
